@article{page1999pagerank,
  title={The PageRank citation ranking: Bringing order to the web},
  author={Page, Lawrence and Brin, Sergey and Motwani, Rajeev and Winograd, Terry},
  journal={Stanford InfoLab},
  year={1999}
}

@inproceedings{iyer2016summarizing,
  title={Summarizing source code using a neural attention model},
  author={Iyer, Srinivasan and Konstas, Ioannis and Cheung, Alvin and Zettlemoyer, Luke},
  booktitle={Proceedings of the 54th Annual Meeting of the Association for Computational Linguistics},
  pages={2073--2083},
  year={2016}
}

@inproceedings{mcburney2014automatic,
  title={Automatic documentation generation via source code summarization of method context},
  author={McBurney, Paul W and McMillan, Collin},
  booktitle={Proceedings of the 22nd International Conference on Program Comprehension},
  pages={279--290},
  year={2014}
}

@article{marcus2003recovering,
  title={Recovering documentation-to-source-code traceability links using latent semantic indexing},
  author={Marcus, Andrian and Maletic, Jonathan I},
  journal={Proceedings of the 25th international conference on software engineering},
  pages={125--135},
  year={2003}
}

@inproceedings{bajracharya2006mining,
  title={Mining concepts from code with probabilistic topic models},
  author={Bajracharya, Sushil Krishna and Ngo, Trung Chi and Linstead, Erik and Dou, Yimeng and Rigor, Paul and Baldi, Pierre and Lopes, Cristina},
  booktitle={Proceedings of the 22nd IEEE/ACM international conference on Automated software engineering},
  pages={461--464},
  year={2006}
}

@inproceedings{gu2016deep,
  title={Deep API learning},
  author={Gu, Xiaodong and Zhang, Hongyu and Zhang, Dongmei and Kim, Sunghun},
  booktitle={Proceedings of the 2016 24th ACM SIGSOFT International Symposium on Foundations of Software Engineering},
  pages={631--642},
  year={2016}
}

@inproceedings{allamanis2018learning,
  title={Learning to represent programs with graphs},
  author={Allamanis, Miltiadis and Brockschmidt, Marc and Khademi, Mahmoud},
  booktitle={International Conference on Learning Representations},
  year={2018}
}

@article{kleinberg1999authoritative,
  title={Authoritative sources in a hyperlinked environment},
  author={Kleinberg, Jon M},
  journal={Journal of the ACM},
  volume={46},
  number={5},
  pages={604--632},
  year={1999}
}

@inproceedings{zimmermann2005mining,
  title={Mining version histories to guide software changes},
  author={Zimmermann, Thomas and Zeller, Andreas and Weissgerber, Peter and Diehl, Stephan},
  booktitle={Proceedings of the 26th international conference on software engineering},
  pages={563--572},
  year={2005}
}

@article{bird2011don,
  title={Don't touch my code! Examining the effects of ownership on software quality},
  author={Bird, Christian and Nagappan, Nachiappan and Murphy, Brendan and Gall, Harald and Devanbu, Premkumar},
  journal={Proceedings of the 19th ACM SIGSOFT symposium and the 13th European conference on Foundations of software engineering},
  pages={4--14},
  year={2011}
}

@inproceedings{bavota2013methodbook,
  title={Methodbook: Recommending move method refactorings via relational topic models},
  author={Bavota, Gabriele and De Lucia, Andrea and Marcus, Andrian and Oliveto, Rocco},
  booktitle={Proceedings of the 2013 IEEE/ACM 28th International Conference on Automated Software Engineering},
  pages={548--558},
  year={2013}
}

@inproceedings{kim2013classifying,
  title={Classifying software changes: Clean or buggy?},
  author={Kim, Sunghun and Zimmermann, Thomas and Whitehead Jr, E James and Zeller, Andreas},
  booktitle={IEEE Transactions on Software Engineering},
  volume={34},
  number={2},
  pages={181--196},
  year={2013}
}

@inproceedings{hindle2016naturalness,
  title={On the naturalness of software},
  author={Hindle, Abram and Barr, Earl T and Gabel, Mark and Su, Zhendong and Devanbu, Premkumar},
  booktitle={Communications of the ACM},
  volume={59},
  number={5},
  pages={122--131},
  year={2016}
}

@article{husain2019codesearchnet,
  title={CodeSearchNet challenge: Evaluating the state of semantic code search},
  author={Husain, Hamel and Wu, Ho-Hsiang and Gazit, Tiferet and Allamanis, Miltiadis and Brockschmidt, Marc},
  journal={arXiv preprint arXiv:1909.09436},
  year={2019}
}

@inproceedings{feng2020codebert,
  title={CodeBERT: A pre-trained model for programming and natural languages},
  author={Feng, Zhangyin and Guo, Daya and Tang, Duyu and Deng, Nan and Qin, Xiaocheng and Bian, Jiang and Qiu, Xipeng and others},
  booktitle={Proceedings of the 2020 Conference on Empirical Methods in Natural Language Processing: Findings},
  pages={1536--1547},
  year={2020}
}

@article{chen2021evaluating,
  title={Evaluating large language models trained on code},
  author={Chen, Mark and Tworek, Jerry and Jun, Heewoo and Yuan, Qiming and Pinto, Henrique Ponde de Oliveira and Kaplan, Jared and Edwards, Harri and Burda, Yuri and Joseph, Nicholas and Brockman, Greg and others},
  journal={arXiv preprint arXiv:2107.03374},
  year={2021}
}

@inproceedings{nijkamp2022codegen,
  title={CodeGen: An open large language model for code with multi-turn program synthesis},
  author={Nijkamp, Erik and Pang, Bo and Hayashi, Hiroaki and Tu, Lifu and Wang, Huan and Zhou, Yingbo and Savarese, Silvio and Xiong, Caiming},
  booktitle={International Conference on Learning Representations},
  year={2022}
}

@inproceedings{wang2023codet5+,
  title={CodeT5+: Open code large language models for code understanding and generation},
  author={Wang, Yue and Le, Hung and Gotmare, Akhilesh Deepak and Bui, Nghi DQ and Li, Junnan and Hoi, Steven CH},
  booktitle={Proceedings of the 2023 Conference on Empirical Methods in Natural Language Processing},
  pages={1069--1088},
  year={2023}
}

@article{manning2008introduction,
  title={Introduction to information retrieval},
  author={Manning, Christopher D and Raghavan, Prabhakar and Sch√ºtze, Hinrich},
  journal={Cambridge University Press},
  year={2008}
}

@article{robertson2009probabilistic,
  title={The probabilistic relevance framework: BM25 and beyond},
  author={Robertson, Stephen E and Zaragoza, Hugo},
  journal={Foundations and Trends in Information Retrieval},
  volume={3},
  number={4},
  pages={333--389},
  year={2009}
}

@book{campbell1963experimental,
  title={Experimental and quasi-experimental designs for research},
  author={Campbell, Donald T and Stanley, Julian C},
  year={1963},
  publisher={Rand McNally}
}

@book{shadish2002experimental,
  title={Experimental and quasi-experimental designs for generalized causal inference},
  author={Shadish, William R and Cook, Thomas D and Campbell, Donald T},
  year={2002},
  publisher={Houghton Mifflin}
}

@article{efron1987better,
  title={Better bootstrap confidence intervals},
  author={Efron, Bradley},
  journal={Journal of the American statistical Association},
  volume={82},
  number={397},
  pages={171--185},
  year={1987}
}

@article{benjamini1995controlling,
  title={Controlling the false discovery rate: a practical and powerful approach to multiple testing},
  author={Benjamini, Yoav and Hochberg, Yosef},
  journal={Journal of the Royal statistical society: series B (Methodological)},
  volume={57},
  number={1},
  pages={289--300},
  year={1995}
}

@book{cohen1988statistical,
  title={Statistical power analysis for the behavioral sciences},
  author={Cohen, Jacob},
  year={1988},
  publisher={Lawrence Erlbaum Associates}
}